<record><leader>00000cas a22000007a 4500</leader><controlfield tag="001">19347842</controlfield><controlfield tag="008">890313d19801980gauwr ne      0    0eng d</controlfield><datafield ind1=" " ind2=" " tag="010"><subfield code="a">sn 89053125 </subfield></datafield><datafield ind1=" " ind2=" " tag="040"><subfield code="a">NLG</subfield><subfield code="b">eng</subfield><subfield code="c">NLG</subfield><subfield code="d">OCLCQ</subfield><subfield code="d">GUA</subfield><subfield code="d">OCLCQ</subfield><subfield code="d">OCLCF</subfield><subfield code="d">OCLCO</subfield></datafield><datafield ind1="1" ind2=" " tag="029"><subfield code="a">AU@</subfield><subfield code="b">000020538811</subfield></datafield><datafield ind1=" " ind2=" " tag="042"><subfield code="a">msc</subfield></datafield><datafield ind1=" " ind2=" " tag="043"><subfield code="a">n-us-ga</subfield></datafield><datafield ind1="0" ind2="4" tag="245"><subfield code="a">The Lenox leader.</subfield></datafield><datafield ind1=" " ind2=" " tag="260"><subfield code="a">Lenox, Ga. :</subfield><subfield code="b">Country Collections,</subfield><subfield code="c">1980.</subfield></datafield><datafield ind1=" " ind2=" " tag="300"><subfield code="a">v.</subfield></datafield><datafield ind1=" " ind2=" " tag="310"><subfield code="a">Weekly</subfield></datafield><datafield ind1="0" ind2=" " tag="362"><subfield code="a">Vol. 1, no. 1 (May 23, 1980)-v. 1, no. 23 (Oct. 31, 1980).</subfield></datafield><datafield ind1=" " ind2=" " tag="530"><subfield code="a">Also on microfilm: Athens, Ga. : University of Georgia Libraries.</subfield></datafield><datafield ind1=" " ind2=" " tag="580"><subfield code="a">Merged with: Omega news, to form: Omega news and the Lenox leader.</subfield></datafield><datafield ind1=" " ind2="0" tag="651"><subfield code="a">Lenox (Ga.)</subfield><subfield code="v">Newspapers.</subfield></datafield><datafield ind1=" " ind2="0" tag="651"><subfield code="a">Cook County (Ga.)</subfield><subfield code="v">Newspapers.</subfield></datafield><datafield ind1=" " ind2="7" tag="655"><subfield code="a">Newspapers.</subfield><subfield code="2">fast</subfield><subfield code="0">(OCoLC)fst01423814</subfield></datafield><datafield ind1=" " ind2="7" tag="651"><subfield code="a">Georgia</subfield><subfield code="z">Cook County.</subfield><subfield code="2">fast</subfield><subfield code="0">(OCoLC)fst01211779</subfield></datafield><datafield ind1=" " ind2="7" tag="651"><subfield code="a">Georgia</subfield><subfield code="z">Lenox.</subfield><subfield code="2">fast</subfield><subfield code="0">(OCoLC)fst01217410</subfield></datafield><datafield ind1=" " ind2=" " tag="752"><subfield code="a">United States</subfield><subfield code="b">Georgia</subfield><subfield code="c">Cook</subfield><subfield code="d">Lenox.</subfield></datafield><datafield ind1="1" ind2="7" tag="785"><subfield code="t">Omega news</subfield><subfield code="w">(DLC)sn 96069006</subfield><subfield code="w">(OCoLC)34426857</subfield></datafield><datafield ind1="1" ind2="7" tag="785"><subfield code="t">Omega news and the Lenox leader</subfield><subfield code="w">(DLC)sn 89053124</subfield><subfield code="w">(OCoLC)19348206</subfield></datafield></record>